<?xml version="1.0" encoding="UTF-8"?><collection xmlns="http://www.loc.gov/MARC21/slim"><record><leader>00448nam--2200157-i-4500</leader><controlfield tag="001">000033561</controlfield><controlfield tag="002">20161230</controlfield><controlfield tag="005">20161230201039</controlfield><controlfield tag="008">060222s1000------------r-----000-0-eng-d</controlfield><datafield ind1=" " ind2=" " tag="040"><subfield code="a">IFIN-HH</subfield></datafield><datafield ind1=" " ind2=" " tag="080"><subfield code="a">517.958(043)</subfield></datafield><datafield ind1=" " ind2=" " tag="100"><subfield code="a">Mezincescu, Gheoghe Andrei</subfield></datafield><datafield ind1=" " ind2=" " tag="245"><subfield code="a">Metode asimptotice in stidiul functiilor green.teza</subfield></datafield><datafield ind1=" " ind2=" " tag="260"><subfield code="a">Bucuresti, Institutul Central De Fizica, 1987. 106p</subfield></datafield><datafield ind1=" " ind2=" " tag="852"><subfield code="a">74500</subfield><subfield code="c">517.9</subfield></datafield><datafield ind1=" " ind2=" " tag="CAT"><subfield code="a">Sys</subfield><subfield code="c">20090511</subfield><subfield code="h">100654</subfield></datafield></record></collection>